@misc{pairprogramming,
   author = {Wikipedia},
   title = {{Paarprogrammierung – Wikipedia, Die freie Enzyklopädie}},
   year = {2016},
   url = {https://de.wikipedia.org/w/index.php?title=Paarprogrammierung&oldid=150084864},
   note = {[Online; Stand 17. März 2016]}
}